<record><leader>00000cas a22000007a 4500</leader><controlfield tag="001">18142888</controlfield><controlfield tag="008">880628d1988199umouwr ne      0   a0eng d</controlfield><datafield ind1=" " ind2=" " tag="010"><subfield code="a">sn 88001843 </subfield></datafield><datafield ind1=" " ind2=" " tag="040"><subfield code="a">NSD</subfield><subfield code="b">eng</subfield><subfield code="c">NSD</subfield><subfield code="d">MQN</subfield><subfield code="d">NSD</subfield><subfield code="d">OCLCQ</subfield></datafield><datafield ind1=" " ind2=" " tag="012"><subfield code="j">0</subfield><subfield code="m">d</subfield></datafield><datafield ind1="1" ind2=" " tag="022"><subfield code="a">0899-5737</subfield><subfield code="l">0899-5737</subfield><subfield code="y">0885-6923</subfield><subfield code="2">1</subfield></datafield><datafield ind1=" " ind2=" " tag="037"><subfield code="b">The Platte County Gazette, 2 Main St., Parkville, MO 64152</subfield></datafield><datafield ind1=" " ind2=" " tag="042"><subfield code="a">nsdp</subfield><subfield code="a">msc</subfield></datafield><datafield ind1="0" ind2=" " tag="130"><subfield code="a">Platte County gazette (Parkville, Mo. : 1988)</subfield></datafield><datafield ind1=" " ind2="4" tag="222"><subfield code="a">The Platte County gazette</subfield><subfield code="b">(1988)</subfield></datafield><datafield ind1="1" ind2="4" tag="245"><subfield code="a">The Platte County gazette.</subfield></datafield><datafield ind1=" " ind2=" " tag="260"><subfield code="a">Parkville, Mo. :</subfield><subfield code="b">Shopper News Publications,</subfield><subfield code="c">1988-</subfield></datafield><datafield ind1=" " ind2=" " tag="300"><subfield code="a">v.</subfield></datafield><datafield ind1=" " ind2=" " tag="310"><subfield code="a">Weekly</subfield></datafield><datafield ind1="0" ind2=" " tag="362"><subfield code="a">Vol. 104, no. 23 (June 8, 1988)-</subfield></datafield><datafield ind1=" " ind2=" " tag="752"><subfield code="a">United States</subfield><subfield code="b">Missouri</subfield><subfield code="c">Platte County</subfield><subfield code="d">Parkville.</subfield></datafield><datafield ind1="0" ind2="0" tag="780"><subfield code="t">Northland gazette</subfield><subfield code="x">0885-6923</subfield><subfield code="w">(DLC)sn 85005298</subfield></datafield><datafield ind1="0" ind2="0" tag="785"><subfield code="t">Platte County sun-gazette</subfield><subfield code="x">1098-2884</subfield><subfield code="w">(DLC)sn 98001841</subfield></datafield></record>